<?xml version="1.0" encoding="UTF-8"?><collection xmlns="http://www.loc.gov/MARC21/slim"><record><leader>00480nam--2200169-i-4500</leader><controlfield tag="001">000008288</controlfield><controlfield tag="002">20161230</controlfield><controlfield tag="005">20170114223644</controlfield><controlfield tag="008">060222s1000------------r-----000-0-eng-d</controlfield><datafield ind1=" " ind2=" " tag="080"><subfield code="a">539.L:539.L.07</subfield></datafield><datafield ind1=" " ind2=" " tag="245"><subfield code="a">Atomic and electron physics. Part. A: Atomic sources and detectors</subfield></datafield><datafield ind1=" " ind2=" " tag="260"><subfield code="a">New York</subfield><subfield code="b">Academic Press</subfield><subfield code="c">1967</subfield></datafield><datafield ind1=" " ind2=" " tag="300"><subfield code="a">XVII + 515 p</subfield></datafield><datafield ind1=" " ind2=" " tag="490"><subfield code="a">Methods Of Experimental Physics</subfield></datafield><datafield ind1=" " ind2=" " tag="700"><subfield code="a">Hughes, Vernon W</subfield></datafield><datafield ind1=" " ind2=" " tag="852"><subfield code="a">14584</subfield></datafield><datafield ind1=" " ind2=" " tag="CAT"><subfield code="a">SYS</subfield><subfield code="c">20170114</subfield><subfield code="h">223644</subfield></datafield></record></collection>